<?xml version="1.0" encoding="UTF-8"?><collection xmlns="http://www.loc.gov/MARC21/slim"><record><leader>00354nam--2200121-i-4500</leader><controlfield tag="001">000037064</controlfield><controlfield tag="002">20161230</controlfield><controlfield tag="005">20161230201041</controlfield><controlfield tag="008">060222s1000------------r-----000-0-eng-d</controlfield><datafield ind1=" " ind2=" " tag="080"><subfield code="a">001.18:65.012.23</subfield></datafield><datafield ind1=" " ind2=" " tag="245"><subfield code="a">Prognoze privind dezvoltarea economiei unor tari socialiste</subfield></datafield><datafield ind1=" " ind2=" " tag="260"><subfield code="a">Bucuresti,Inst.Cenral De Documentare Tehnica, /F.An/. 24p</subfield></datafield><datafield ind1=" " ind2=" " tag="852"><subfield code="a">37625</subfield></datafield></record></collection>